@article{EstimatingRatesKucrika,
  title={Variation in false-negative rate of reverse transcriptase
                  polymerase chain reaction---based {SARS}-{C}o{V}-2 tests by
                  time since exposure},
  author={Kucirka, Lauren M and Lauer, Stephen A and Laeyendecker,
                  Oliver and Boon, Denali and Lessler, Justin},
  journal={Annals of Internal Medicine},
  year={2020},
  publisher={American College of Physicians}
}


@article{KitComparison,
  title={Comparison of seven commercial {RT-PCR} diagnostic kits for
                  {COVID}-19.},
  author={Wijsman, L and Molenkamp, R and Reusken, CBEM and Meijer, A
                  and others},
  journal={Journal of clinical virology: the official publication of
                  the Pan American Society for Clinical Virology},
  volume={128},
  pages={104412--104412},
  year={2020},
  publisher={Elsevier}
}

@article{InterpretingCOVID19Test,
  title={Interpreting a {COVID}-19 test result},
  author={Watson, Jessica and Whiting, Penny F and Brush, John E},
  journal={BMJ},
  volume={369},
  year={2020},
  publisher={British Medical Journal Publishing Group}
}


@article{FalsePositiveEstimate,
  title={False Negative Tests for {SARS}-{C}o{V}-2 Infection --- Challenges and Implications},
  author={Woloshin, Steven and Patel, Neeraj and Kesselheim, Aaron S},
  journal={New England Journal of Medicine},
  year={2020},
  publisher={Mass Medical Soc}
}

@article{Reconstructed,
  title={Reconstructed diagnostic sensitivity and specificity of the {RT-PCR} test for {COVID}-19},
  author={Padhye, Nikhil S},
  journal={medRxiv},
  year={2020},
  publisher={Cold Spring Harbor Laboratory Press}
}

@article{EstimatingRatesLourenco,
  title={Estimating false-negative detection rate of {SARS}-{C}o{V}-2 by
                  {RT-PCR}},
  author={Wikramaratna, Paul and Paton, Robert S and Ghafari, Mahan
                  and Lourenco, Jose},
  journal={medRxiv},
  year={2020},
  publisher={Cold Spring Harbor Laboratory Press}
}
