@article{Kim,
  title={Comparison of group testing algorithms for case identification in the presence of test error},
  author={Kim, Hae-Young and Hudgens, Michael G and Dreyfuss, Jonathan M and Westreich, Daniel J and Pilcher, Christopher D},
  journal={Biometrics},
  volume={63},
  number={4},
  pages={1152--1163},
  year={2007},
  publisher={Wiley Online Library}
}

@article{Salazar,
  title={Sample pooling for {SARS-CoV-2 RT-PCR} screening},
  author={de Salazar, Adolfo and Aguilera, Antonio and Trastoy, Rocio and Fuentes, Ana and Alados, Juan Carlos and Causse, Manuel and Gal{\'a}n, Juan Carlos and Moreno, Antonio and Trigo, Matilde and P{\'e}rez-Ruiz, Mercedes and others},
  journal={Clinical Microbiology and Infection},
  volume={26},
  number={12},
  pages={1687.e1--1687.e5},
  year={2020},
  publisher={Elsevier}
}

@article{OptimalDorfmanPool,
  title={Optimal Group Testing: Structural Properties and Robust Solutions, with Application to Public Health Screening},
  author={Aprahamian, Hrayer and Bish, Douglas R and Bish, Ebru K},
  journal={INFORMS Journal on Computing},
  year={2020},
  publisher={INFORMS}
}

@article{Simplistic1,
  title={Pooling of coronavirus tests under unknown prevalence},
  author={Pikovski, Alexander and Bentele, Kajetan},
  journal={Epidemiology \& Infection},
  volume={148},
  year={2020},
  publisher={Cambridge University Press}
}

@article{Simplistic2,
  title={Simulation of pool testing to identify patients with coronavirus disease 2019 under conditions of limited test availability},
  author={Cherif, Alhaji and Grobe, Nadja and Wang, Xiaoling and Kotanko, Peter},
  journal={JAMA network open},
  volume={3},
  number={6},
  pages={e2013075--e2013075},
  year={2020},
  publisher={American Medical Association}
}

@misc{BMJ,
  title={Covid-19: Study findings strongly support use of pooled testing, say researchers},
  author={Iacobucci, Gareth},
  year={2020},
  publisher={British Medical Journal Publishing Group}
}

@article{DorfmanOriginal,
  title={The detection of defective members of large populations},
  author={Dorfman, Robert},
  journal={The Annals of Mathematical Statistics},
  volume={14},
  number={4},
  pages={436--440},
  year={1943},
  publisher={JSTOR}
}

@article{Lion,
  title={Evaluation of {COVID}-19 {RT}-q{PCR} test in multi-sample pools},
  author={Yelin, Idan and Aharony, Noga and Shaer-Tamar, Einat and Argoetti, Amir and Messer, Esther and Berenbaum, a and Shafran, Einat and Kuzli, Areen and Gandali, Nagam and Hashimshony, Tamar and others},
  journal={medRxiv},
  year={2020},
  publisher={Cold Spring Harbor Laboratory Press}
}

@article{DorfmanYuvalDor,
  title={Lessons from applied large-scale pooling of 133,816
                  {SARS}-{C}o{V}-2 {RT-PCR} tests},
  author={Barak, Netta and Ben-Ami, Roni and Sido, Tal and Perri, Amir
                  and Shtoyer, Aviad and Rivkin, Mila and Licht, Tamar
                  and Peretz, Ayelet and Magenheim, Judith and Fogel,
                  Irit and others},
  journal={medRxiv},
  year={2020},
  publisher={Cold Spring Harbor Laboratory Press}
}

@article{LionDorfman,
  title={Boosting test-efficiency by pooled testing strategies for
                  {SARS}-{C}o{V}-2},
  author={Hanel, Rudolf and Thurner, Stefan},
  journal={arXiv preprint arXiv:2003.09944},
  year={2020}
}

@article{PoolSize30,
  title={Pooling of samples for testing for {SARS}-{C}o{V}-2 in asymptomatic
                  people},
  author={Lohse, Stefan and Pfuhl, Thorsten and Berk{\'o}-G{\"o}ttel,
                  Barbara and Rissland, J{\"u}rgen and Gei{\ss}ler,
                  Tobias and G{\"a}rtner, Barbara and Becker,
                  S{\"o}ren L and Schneitler, Sophie and Smola,
                  Sigrun},
  journal={The Lancet Infectious Diseases},
  year={2020},
  publisher={Elsevier}
}

@article{BayesianDorfman,
  title={Increasing testing throughput and case detection with a
                  pooled-sample {B}ayesian approach in the context of
                  {COVID}-19},
  author={Noriega, Rodrigo and Samore, Matthew},
  journal={bioRxiv},
  year={2020},
  publisher={Cold Spring Harbor Laboratory}
}

@misc{MatrixPooling,
  title={Accelerated emergency use authorization ({EUA}) summary
                  {COVID}-19 {RT-PCR} test (Laboratory Corporation of
                  America)},
  author={US Food and Drug Administration and others}
}
