%% EDM causality
@article{CCM,
  title={Detecting causality in complex ecosystems},
  author={Sugihara, George and May, Robert and Ye, Hao and Hsieh,
                  Chih-hao and Deyle, Ethan and Fogarty, Michael and
                  Munch, Stephan},
  journal={Science},
  volume=338,
  number=6106,
  pages={496--500},
  year=2012,
  publisher={American Association for the Advancement of Science}
}
@article{MVE,
  title={Information leverage in interconnected ecosystems: {O}vercoming the curse of dimensionality},
  author={Ye, Hao and Sugihara, George},
  journal={Science},
  volume={353},
  number={6302},
  pages={922--925},
  year={2016},
  publisher={American Association for the Advancement of Science}
}
@article{Simplex,
  title={Nonlinear forecasting as a way of distinguishing chaos from
                  measurement error in time series},
  author={Sugihara, George and May, Robert M},
  journal={Nature},
  volume={344},
  number={6268},
  pages={734},
  year={1990},
  publisher={Nature Publishing Group}
}
@article{Smap,
  title={Nonlinear forecasting for the classification of natural time
                  series},
  author={Sugihara, George},
  journal={Philosophical Transactions of the Royal Society of
                  London. Series A: Physical and Engineering Sciences},
  volume={348},
  number={1688},
  pages={477--495},
  year={1994},
  publisher={The Royal Society London}
}
@article{Dengue,
  title={Inter-outbreak stability reflects the size of the susceptible
                  pool and forecasts magnitudes of seasonal epidemics},
  author={Rypdal, Martin and Sugihara, George},
  journal={Nature communications},
  volume={10},
  number={1},
  pages={2374},
  year={2019},
  publisher={Nature Publishing Group}
}
@article{Influenza,
  title={Global environmental drivers of Influenza},
  author={Deyle, Ethan R and Maher, M Cyrus and Hernandez, Ryan D and
                  Basu, Sanjay and Sugihara, George},
  journal={Proceedings of the National Academy of Sciences},
  volume={113},
  number={46},
  pages={13081--13086},
  year={2016},
  publisher={National Acad Sciences}
}


%% Spatial
@article{RobinHood,
  title={Time from symptom onset to hospitalisation of coronavirus disease 2019 ({COVID-19}) cases: implications for the proportion of transmissions from infectors with few symptoms},
  author={Thompson, Robin N and Lovell-Read, Francesca A and Obolski, Uri},
  journal={Journal of clinical medicine},
  volume={9},
  number={5},
  pages={1297},
  year={2020},
  publisher={Multidisciplinary Digital Publishing Institute}
}

@article{BranchingApproximation,
  title={On the spread of a disease with gamma distributed latent and
                  infectious periods},
  author={Anderson, Dorothy and Watson, Ray},
  journal={Biometrika},
  volume={67},
  number={1},
  pages={191--198},
  year={1980},
  publisher={Oxford University Press}
}
@article{IsraelILI,
  title={Modeling and statistical analysis of the spatio-temporal
                  patterns of seasonal influenza in {I}srael},
  author={Huppert, Amit and Barnea, Oren and Katriel, Guy and Yaari,
                  Rami and Roll, Uri and Stone, Lewi},
  journal={PLoS One},
  volume={7},
  number={10},
  pages={e45107},
  year={2012},
  publisher={Public Library of Science}
}
@article{Viboud,
  title={Synchrony, waves, and spatial hierarchies in the spread of
                  influenza},
  author={Viboud, C{\'e}cile and Bj{\o}rnstad, Ottar N and Smith, David L and Simonsen, Lone and Miller, Mark A and Grenfell, Bryan T},
  journal={Science},
  volume={312},
  number={5772},
  pages={447--451},
  year={2006},
  publisher={American Association for the Advancement of Science}
}
@article{JTM,
  title={Estimating COVID-19 outbreak risk through air travel},
  author={Daon, Yair and Thompson, Robin N and Obolski, Uri},
  journal={Journal of Travel Medicine},
  volume={27},
  number={5},
  pages={taaa093},
  year={2020},
  publisher={Oxford University Press}
}
@book{Iserles,
  title={A first course in the numerical analysis of differential equations},
  author={Iserles, Arieh},
  number={44},
  year={2009},
  publisher={Cambridge university press}
}
@book{TarantolaInverseProblemsBook,
  title={Inverse problem theory and methods for model parameter estimation},
  author={Tarantola, Albert},
  volume={89},
  year={2005},
  publisher={siam}
}
@book{KaipioInverseProblemsBook,
  title={Statistical and computational inverse problems},
  author={Kaipio, Jari and Somersalo, Erkki},
  volume={160},
  year={2006},
  publisher={Springer Science \& Business Media}
}
@article{siettos2013mathematical,
  title={Mathematical modeling of infectious disease dynamics},
  author={Siettos, Constantinos I and Russo, Lucia},
  journal={Virulence},
  volume={4},
  number={4},
  pages={295--306},
  year={2013},
  publisher={Taylor \& Francis}
}
@article{grenfell2001travelling,
  title={Travelling waves and spatial hierarchies in Measles epidemics},
  author={Grenfell, Bryan T and Bj{\o}rnstad, Ottar N and Kappey, Jens},
  journal={Nature},
  volume={414},
  number={6865},
  pages={716},
  year={2001},
  publisher={Nature Publishing Group}
}
@article{GravityModel,
  title={Measles metapopulation dynamics: a gravity model for
                  epidemiological coupling and dynamics},
  author={Xia, Yingcun and Bj{\o}rnstad, Ottar N and Grenfell, Bryan T},
  journal={The American Naturalist},
  volume={164},
  number={2},
  pages={267--281},
  year={2004},
  publisher={The University of Chicago Press}
}

% Misc
@book{PCRBook,
  title={{A-Z} of quantitative {PCR}},
  author={Bustin, Stephen A and others},
  year={2004},
  publisher={International University Line La Jolla, CA}
}
@article{COVID-RTPCR,
  title={{RT-qPCR} testing of {SARS-CoV-2}: a primer},
  author={Bustin, Stephen A and Nolan, Tania},
  journal={International journal of molecular sciences},
  volume={21},
  number={8},
  pages={3004},
  year={2020},
  publisher={Multidisciplinary Digital Publishing Institute}
}

@article{BayesianDesign,
  Title                    = {Bayesian experimental design: A review},
  Author                   = {Chaloner, Kathryn and Verdinelli, Isabella},
  Journal                  = {Statistical Science},
  Year                     = {1995},
  Number                   = {3},
  Pages                    = {273--304},
  Volume                   = {10},
  Owner                    = {ccgo},
  publisher                = {JSTOR}
}
@article{OriginalDOptimal,
  title={On a measure of the information provided by an experiment},
  author={Lindley, Dennis V},
  journal={The Annals of Mathematical Statistics},
  pages={986--1005},
  year={1956},
  publisher={JSTOR}
}
@article{CandesTao,
  title={Stable signal recovery from incomplete and inaccurate
                  measurements},
  author={Candes, Emmanuel J and Romberg, Justin K and Tao, Terence},
  journal={Communications on Pure and Applied Mathematics: A Journal
                  Issued by the Courant Institute of Mathematical
                  Sciences},
  volume={59},
  number={8},
  pages={1207--1223},
  year={2006},
  publisher={Wiley Online Library}
}
@book{Cover,
  title={Elements of information theory},
  author={Cover, Thomas M and Thomas, Joy A},
  year={1999},
  publisher={John Wiley \& Sons}
}
@article{Donoho,
  title={Compressed sensing},
  author={Donoho, David L},
  journal={IEEE Transactions on information theory},
  volume={52},
  number={4},
  pages={1289--1306},
  year={2006},
  publisher={IEEE}
}


% PoolingRefs
@article{DilutionHIV,
  title={Pooled testing for {HIV} screening: capturing the dilution effect},
  author={Wein, Lawrence M and Zenios, Stefanos A},
  journal={Operations Research},
  volume={44},
  number={4},
  pages={543--569},
  year={1996},
  publisher={INFORMS}
}
@article{GroupDilution,
  title={Group testing with a dilution effect},
  author={Hwang, Frank K},
  journal={Biometrika},
  volume={63},
  number={3},
  pages={671--680},
  year={1976},
  publisher={Oxford University Press}
}
@article{DilutionCovid},
  title={Pooling {RT-qPCR} testing for {SARS-CoV-2} in 1000 individuals of
                  healthy and infection-suspected patients},
  author={Hirotsu, Yosuke and Maejima, Makoto and Shibusawa, Masahiro
                  and Nagakubo, Yuki and Hosaka, Kazuhiro and Amemiya,
                  Kenji and Sueki, Hitomi and Hayakawa, Miyoko and
                  Mochizuki, Hitoshi and Tsutsui, Toshiharu and
                  others},
  journal={Scientific reports},
  volume={10},
  number={1},
  pages={1--8},
  year={2020},
  publisher={Nature Publishing Group}
}
@article{DOPE,
  title= {{DOPE}: {D}-{O}ptimal {P}ooling {E}xperimental design with
                  application to {SARS-CoV}-2 screening},
  author= {Daon, Yair and Huppert, Amit and Obolsik, Uri},
  journal={{arXiv}},
  year={2021}
}
@article{ViralLoadPooling,
  title={Using viral load and epidemic dynamics to optimize pooled
                  testing in resource-constrained settings},
  author={Cleary, Brian and Hay, James A and Blumenstiel, Brendan and
                  Harden, Maegan and Cipicchio, Michelle and Bezney,
                  Jon and Simonton, Brooke and Hong, David and
                  Senghore, Madikay and Sesay, Abdul K and others},
  journal={Science translational medicine},
  year={2021},
  publisher={American Association for the Advancement of Science}
}
@article{RecursiveSevenFold,
  title={Multi-stage group testing improves efficiency of large-scale
                  {COVID}-19 screening},
  author={Eberhardt, Jens Niklas and Breuckmann, Nikolas Peter and
                  Eberhardt, Christiane Sigrid},
  journal={Journal of Clinical Virology},
  volume={128},
  pages={104382},
  year={2020},
  publisher={Elsevier}
}
@techreport{AntigenWHO,
  title={Antigen-detection in the diagnosis of {SARS-CoV}-2 infection
                  using rapid immunoassays: interim guidance, 11
                  {S}eptember 2020},
  author={{World Health Organization} and others},
  year={2020},
  institution={{World Health Organization}}
}
@article{AntigenCDC,
  title={Interim Guidance for Antigen Testing for {SARS-CoV}-2},
  author={Centers for {D}isease {C}ontrol and {P}revention and others},
  journal={Update Dec},
  volume={16},
  year={2020}
}
@article{MinaScience,
  title={{COVID}-19 testing: {O}ne size does not fit all},
  author={Mina, Michael J and Andersen, Kristian G},
  journal={Science},
  volume={371},
  number={6525},
  pages={126--127},
  year={2021},
  publisher={American Association for the Advancement of Science}
}
@article{MinaNEJM,
  title={Rethinking {Covid}-19 test sensitivity --- {A} strategy for
                  containment},
  author={Mina, Michael J and Parker, Roy and Larremore, Daniel B},
  journal={New England Journal of Medicine},
  volume={383},
  number={22},
  pages={e120},
  year={2020},
  publisher={Mass Medical Soc}
}
@article{MatrixPooling,
  title={Rapid identification of yeast artificial chromosome clones by
                  matrix pooling and crude lysate {PCR}.},
  author={Kwiatkowski Jr, Thomas J and Zoghbi, Huda Y and Ledbetter,
                  Susan A and Ellison, Kimberly A and Chinault, A
                  Craig},
  journal={Nucleic acids research},
  volume={18},
  number={23},
  pages={7191},
  year={1990},
  publisher={Oxford University Press}
}
@article{MatrixDorfman,
  title={Large-scale implementation of pooled {RNA} extraction and {RT-PCR} for {SARS-CoV-2} detection},
  author={Ben-Ami, Roni and Klochendler, Agnes and Seidel, Matan and
                  Sido, Tal and Gurel-Gurevich, Ori and Yassour, Moran
                  and Meshorer, Eran and Benedek, Gil and Fogel, Irit
                  and Oiknine-Djian, Esther and others},
  journal={Clinical Microbiology and Infection},
  volume={26},
  number={9},
  pages={1248--1253},
  year={2020},
  publisher={Elsevier}
}
@article{NaturePooling,
  title={A pooled testing strategy for identifying {SARS-CoV-2} at low prevalence},
  author={Mutesa, Leon and Ndishimye, Pacifique and Butera, Yvan and
                  Souopgui, Jacob and Uwineza, Annette and Rutayisire,
                  Robert and Ndoricimpaye, Ella Larissa and Musoni,
                  Emile and Rujeni, Nadine and Nyatanyi, Thierry and
                  others},
  journal={Nature},
  volume={589},
  number={7841},
  pages={276--280},
  year={2021},
  publisher={Nature Publishing Group}
}
@misc{GuideCDC, 
  title={Interim guidance for use of pooling procedures in {SARS-CoV-2}
                  diagnostic, screening, and surveillance testing},
  author={Centers for Disease Control and Prevention and others},
  year={2020},
  publisher={August1}
}
@article{PoolingLancet,
  title={Pooling of samples for testing for {SARS-CoV-2} in asymptomatic people},
  author={Lohse, Stefan and Pfuhl, Thorsten and Berk{\'o}-G{\"o}ttel,
                  Barbara and Rissland, J{\"u}rgen and Gei{\ss}ler,
                  Tobias and G{\"a}rtner, Barbara and Becker,
                  S{\"o}ren L and Schneitler, Sophie and Smola,
                  Sigrun},
  journal={The Lancet Infectious Diseases},
  volume={20},
  number={11},
  pages={1231--1232},
  year={2020},
  publisher={Elsevier}
}
@article{Salazar,
  title={Sample pooling for {SARS-CoV-2 RT-PCR} screening},
  author={de Salazar, Adolfo and Aguilera, Antonio and Trastoy, Rocio
                  and Fuentes, Ana and Alados, Juan Carlos and Causse,
                  Manuel and Gal{\'a}n, Juan Carlos and Moreno,
                  Antonio and Trigo, Matilde and P{\'e}rez-Ruiz,
                  Mercedes and others},
  journal={Clinical Microbiology and Infection},
  volume={26},
  number={12},
  pages={1687.e1--1687.e5},
  year={2020},
  publisher={Elsevier}
}
@article{Kim,
  title={Comparison of group testing algorithms for case
                  identification in the presence of test errors},
  author={Kim, Hae-Young and Hudgens, Michael G and Dreyfuss, Jonathan
                  M and Westreich, Daniel J and Pilcher, Christopher
                  D},
  journal={Biometrics},
  volume={63},
  number={4},
  pages={1152--1163},
  year={2007},
  publisher={Wiley Online Library}
}
@article{OptimalDorfmanPool,
  title={Optimal Group Testing: Structural Properties and Robust
                  Solutions, with Application to Public Health
                  Screening},
  author={Aprahamian, Hrayer and Bish, Douglas R and Bish, Ebru K},
  journal={INFORMS Journal on Computing},
  year={2020},
  publisher={INFORMS}
}
@article{Simplistic1,
  title={Pooling of coronavirus tests under unknown prevalence},
  author={Pikovski, Alexander and Bentele, Kajetan},
  journal={Epidemiology \& Infection},
  volume={148},
  year={2020},
  publisher={Cambridge University Press}
}
@article{Simplistic2,
  title={Simulation of pool testing to identify patients with
                  coronavirus disease 2019 under conditions of limited
                  test availability},
  author={Cherif, Alhaji and Grobe, Nadja and Wang, Xiaoling and Kotanko, Peter},
  journal={JAMA network open},
  volume={3},
  number={6},
  pages={e2013075--e2013075},
  year={2020},
  publisher={American Medical Association}
}
@misc{BMJ,
  title={Covid-19: Study findings strongly support use of pooled
                  testing, say researchers},
  author={Iacobucci, Gareth},
  year={2020},
  publisher={British Medical Journal Publishing Group}
}
@article{DorfmanOriginal,
  title={The detection of defective members of large populations},
  author={Dorfman, Robert},
  journal={The Annals of Mathematical Statistics},
  volume={14},
  number={4},
  pages={436--440},
  year={1943},
  publisher={JSTOR}
}
@article{DorfmanYuvalDor,
  title={Lessons from applied large-scale pooling of 133,816
                  {SARS-CoV}-2 {RT-PCR} tests},
  author={Barak, Netta and Ben-Ami, Roni and Sido, Tal and Perri, Amir
                  and Shtoyer, Aviad and Rivkin, Mila and Licht, Tamar
                  and Peretz, Ayelet and Magenheim, Judith and Fogel,
                  Irit and others},
  journal={Science Translational Medicine},
  year={2021},
  publisher={American Association for the Advancement of Science}
}
@article{BayesianDorfman,
  title={Increasing testing throughput and case detection with a
                  pooled-sample {B}ayesian approach in the context of
                  {COVID}-19},
  author={Noriega, Rodrigo and Samore, Matthew},
  journal={bioRxiv},
  year={2020},
  publisher={Cold Spring Harbor Laboratory}
}
@article{CMI,
  title={Inflated false-negative rates in pooled {RT-PCR} tests of {SARS-CoV-2}},
  author={Daon, Yair and Huppert, Amit and Obolski, Uri},
  journal={medRxiv},
  year={2020},
  publisher={Cold Spring Harbor Laboratory Press}
}
@article{GroupTestingSurvey,
url = {http://dx.doi.org/10.1561/0100000099},
year = {2019},
volume = {15},
journal = {Foundations and Trends in Communications and Information Theory},
title = {Group Testing: An Information Theory Perspective},
doi = {10.1561/0100000099},
issn = {1567-2190},
number = {3-4},
pages = {196-392},
author = {Matthew Aldridge and Oliver Johnson and Jonathan Scarlett}
}
@article{CompressedPooling,
  title={Efficient high-throughput {SARS-CoV}-2 testing to detect
                  asymptomatic carriers},
  author={Shental, Noam and Levy, Shlomia and Wuvshet, Vered and
                  Skorniakov, Shosh and Shalem, Bar and Ottolenghi,
                  Aner and Greenshpan, Yariv and Steinberg, Rachel and
                  Edri, Avishay and Gillis, Roni and others},
  journal={Science advances},
  volume={6},
  number={37},
  pages={eabc5961},
  year={2020},
  publisher={American Association for the Advancement of Science}
}
@article{Lion,
  title={Evaluation of COVID-19 RT-qPCR test in multi sample pools},
  author={Yelin, Idan and Aharony, Noga and Tamar, Einat Shaer and
                  Argoetti, Amir and Messer, Esther and Berenbaum,
                  Dina and Shafran, Einat and Kuzli, Areen and
                  Gandali, Nagham and Shkedi, Omer and others},
  journal={Clinical Infectious Diseases},
  volume={71},
  number={16},
  pages={2073--2078},
  year={2020},
  publisher={Oxford University Press US}
}
@article{LionDorfman,
  title={Boosting test-efficiency by pooled testing for {SARS-CoV}-2---{F}ormula for optimal pool size},
  author={Hanel, Rudolf and Thurner, Stefan},
  journal={PLoS One},
  volume={15},
  number={11},
  pages={e0240652},
  year={2020},
  publisher={Public Library of Science San Francisco, CA USA}
}
@article{PoolSize30,
  title={Pooling of samples for testing for {SARS}-{C}o{V}-2 in asymptomatic
                  people},
  author={Lohse, Stefan and Pfuhl, Thorsten and Berk{\'o}-G{\"o}ttel,
                  Barbara and Rissland, J{\"u}rgen and Gei{\ss}ler,
                  Tobias and G{\"a}rtner, Barbara and Becker,
                  S{\"o}ren L and Schneitler, Sophie and Smola,
                  Sigrun},
  journal={The Lancet Infectious Diseases},
  year={2020},
  publisher={Elsevier}
}

% Numerix
@article{StadlerSparsification,
  title={A-optimal design of experiments for infinite-dimensional
                  {B}ayesian linear inverse problems with regularized
                  $\ell_0$-sparsification},
  author={Alexanderian, Alen and Petra, Noemi and Stadler, Georg and
                  Ghattas, Omar},
  journal={SIAM Journal on Scientific Computing},
  volume={36},
  number={5},
  pages={A2122--A2148},
  year={2014},
  publisher={SIAM}
}
@article{VariationalOptimalDesign,
 author = {Foster, Adam and Jankowiak, Martin and Bingham, Elias and
                  Horsfall, Paul and Teh, Yee Whye and Rainforth,
                  Thomas and Goodman, Noah},
 booktitle = {Advances in Neural Information Processing Systems},
 editor = {H. Wallach and H. Larochelle and A. Beygelzimer and
                  F. d\textquotesingle Alch\'{e}-Buc and E. Fox and
                  R. Garnett},
 pages = {},
 publisher = {Curran Associates, Inc.},
 title = {Variational Bayesian Optimal Experimental Design},
 url = {https://proceedings.neurips.cc/paper/2019/file/d55cbf210f175f4a37916eafe6c04f0d-Paper.pdf},
 volume = {32},
 year = {2019}
}



@Article{Numpy,
 title         = {Array programming with {NumPy}},
 author        = {Charles R. Harris and K. Jarrod Millman and St{'{e}}fan J.
                 van der Walt and Ralf Gommers and Pauli Virtanen and David
                 Cournapeau and Eric Wieser and Julian Taylor and Sebastian
                 Berg and Nathaniel J. Smith and Robert Kern and Matti Picus
                 and Stephan Hoyer and Marten H. van Kerkwijk and Matthew
                 Brett and Allan Haldane and Jaime Fern{'{a}}ndez del
                 R{'{\i}}o and Mark Wiebe and Pearu Peterson and Pierre
                 G{'{e}}rard-Marchant and Kevin Sheppard and Tyler Reddy and
                 Warren Weckesser and Hameer Abbasi and Christoph Gohlke and
                 Travis E. Oliphant},
 year          = {2020},
 month         = sep,
 journal       = {Nature},
 volume        = {585},
 number        = {7825},
 pages         = {357--362},
 doi           = {10.1038/s41586-020-2649-2},
 publisher     = {Springer Science and Business Media {LLC}},
 url           = {https://doi.org/10.1038/s41586-020-2649-2}
}
@inproceedings{Numba,
  title={Numba: A {LLVM}-based python {JIT} compiler},
  author={Lam, Siu Kwan and Pitrou, Antoine and Seibert, Stanley},
  booktitle={Proceedings of the Second Workshop on the LLVM Compiler
                  Infrastructure in HPC},
  pages={1--6},
  year={2015}
}
@article{BiasedEstimator,
  title={Estimating expected information gains for experimental
                  designs with application to the random fatigue-limit
                  model},
  author={Ryan, Kenneth J},
  journal={Journal of Computational and Graphical Statistics},
  volume={12},
  number={3},
  pages={585--603},
  year={2003},
  publisher={Taylor \& Francis}
}
@article{Marzouk,
  title={Simulation-based optimal {B}ayesian experimental design for
                  nonlinear systems},
  author={Huan, Xun and Marzouk, Youssef M},
  journal={Journal of Computational Physics},
  volume={232},
  number={1},
  pages={288--317},
  year={2013},
  publisher={Elsevier}
}
@incollection{Sokal,
  title={Monte {C}arlo methods in statistical mechanics: {F}oundations and
                  new algorithms},
  booktitle={Functional Integration: {B}asics and Applications (1996
                  {C}argese School)},
  editor={{D}e{W}itt-{M}orette, {C}. and {C}artier, {P}. and
                  {F}olacci, {A}.},
  author={Sokal, Alan D},
  year={1996}
}
@article{Emcee,
  title={{e}mcee: the {MCMC} hammer},
  author={Foreman-Mackey, Daniel and Hogg, David W and Lang, Dustin
                  and Goodman, Jonathan},
  journal={Publications of the Astronomical Society of the Pacific},
  volume={125},
  number={925},
  pages={306},
  year={2013},
  publisher={IOP Publishing}
}

% population connectivity
@article{HouseholdAR,
  title={Household secondary attack rate of {COVID}-19 and associated
                  determinants in {G}Uangzhou, {C}Hina: a retrospective
                  cohort study},
  author={Jing, Qin-Long and Liu, Ming-Jin and Zhang, Zhou-Bin and
                  Fang, Li-Qun and Yuan, Jun and Zhang, An-Ran and
                  Dean, Natalie E and Luo, Lei and Ma, Meng-Meng and
                  Longini, Ira and others},
  journal={The Lancet Infectious Diseases},
  year={2020},
  publisher={Elsevier}
}
@article{SecondaryTransmission,
  title={The characteristics of household transmission of {COVID}-19},
  author={Li, Wei and Zhang, Bo and Lu, Jianhua and Liu, Shihua and
                  Chang, Zhiqiang and Cao, Peng and Liu, Xinhua and
                  Zhang, Peng and Ling, Yan and Tao, Kaixiong and
                  others},
  journal={Clinical Infectious Diseases},
  year={2020}
}
@article{AttackRatesFamilyMembers,
  title={Risk factors associated with {COVID}-19 infection: a
                  retrospective cohort study based on contacts
                  tracing},
  author={Liu, Tao and Liang, Wenjia and Zhong, Haojie and He,
                  Jianfeng and Chen, Zihui and He, Guanhao and Song,
                  Tie and Chen, Shaowei and Wang, Ping and Li, Jialing
                  and others},
  journal={Emerging microbes \& infections},
  volume={9},
  number={1},
  pages={1546--1553},
  year={2020},
  publisher={Taylor \& Francis}
}
@article{Tennessee,
  title={Transmission of {SARS-CoV}-2 Infections in
                  Households---{T}ennessee and {W}isconsin,
                  {A}pril-{S}eptember 2020},
  author={Grijalva, Carlos G},
  journal={MMWR. Morbidity and Mortality Weekly Report},
  volume={69},
  year={2020}
}

% Error rates FPFN
@article{FPR,
  title={False positives in reverse transcription {PCR} testing for
                  {SARS-CoV}-2},
  author={Cohen, Andrew N and Kessel, Bruce},
  journal={medRxiv},
  year={2020},
  publisher={Cold Spring Harbor Laboratory Press}
}
@article{HighAccuracy,
  title={Swab pooling for large-scale {RT-qPCR} screening of {SARS-CoV}-2},
  author={Christoff, Ana Paula and Cruz, Giuliano Netto Flores and
                  Sereia, Aline Fernanda Rodrigues and Boberg,
                  Dellyana Rodrigues and de Bastiani, Daniela Carolina
                  and Yamanaka, Lais Eiko and Fongaro, Gislaine and
                  Stoco, Patricia Hermes and Bazzo, Maria Luiza and
                  Grisard, Edmundo Carlos and others},
  journal={Available at SSRN 3689590},
  year={2020}
}
@misc{IdealAccuracy,
  title={Impact of false-positives and false-negatives in the {UK}'s
                  {COVID}-19 {RT-PCR} testing programme},
  author={Mayers, C and Baker, K},
  year={2020},
  publisher={Government Office for Science}
}
@article{EstimatingRatesKucrika,
  title={Variation in false-negative rate of reverse transcriptase
                  polymerase chain reaction---based {SARS-CoV}-2 tests
                  by time since exposure},
  author={Kucirka, Lauren M and Lauer, Stephen A and Laeyendecker,
                  Oliver and Boon, Denali and Lessler, Justin},
  journal={Annals of Internal Medicine},
  year={2020},
  publisher={American College of Physicians}
}
@article{KitComparison,
  title={Comparison of seven commercial {RT-PCR} diagnostic kits for {COVID}-19},
  author={van Kasteren, Puck B and van Der Veer, Bas and van den
                  Brink, Sharon and Wijsman, Lisa and de Jonge,
                  J{\o}rgen and van den Brandt, Annemarie and
                  Molenkamp, Richard and Reusken, Chantal BEM and
                  Meijer, Adam},
  journal={Journal of Clinical Virology},
  volume={128},
  pages={104412},
  year={2020},
  publisher={Elsevier}
}
@article{InterpretingCOVID19Test,
  title={Interpreting a {COVID}-19 test result},
  author={Watson, Jessica and Whiting, Penny F and Brush, John E},
  journal={{BMJ}},
  volume={369},
  year={2020},
  publisher={British Medical Journal Publishing Group}
}
@article{FalsePositiveEstimate,
  title={False Negative Tests for {SARS}-{C}o{V}-2 Infection-Challenges and Implications},
  author={Woloshin, Steven and Patel, Neeraj and Kesselheim, Aaron S},
  journal={New England Journal of Medicine},
  year={2020},
  publisher={Mass Medical Soc}
}
@article{Reconstructed,
  title={Reconstructed diagnostic sensitivity and specificity of the
                  {RT-PCR} test for {COVID}-19},
  author={Padhye, Nikhil S},
  journal={medRxiv},
  year={2020},
  publisher={Cold Spring Harbor Laboratory Press}
}
@article{EstimatingRatesLourenco,
  title={Estimating the false-negative test probability of {SARS-CoV}-2 by {RT-PCR}},
  author={Wikramaratna, Paul S and Paton, Robert S and Ghafari, Mahan and Louren{\c{c}}o, Jos{\'e}},
  journal={Eurosurveillance},
  volume={25},
  number={50},
  pages={2000568},
  year={2020},
  publisher={European Centre for Disease Prevention and Control}
}
